% This file was created with JabRef 2.10b2.
% Encoding: UTF8


@Electronic{Assmus_Softwarestrukturen,
  Title                    = {Softwarestrukturen},
  Author                   = {Prof. Dr. Wolfgang Aßmus},
  HowPublished             = {in: \url{ftp://www.inf.fh-dortmund.de/pub/professors/assmus/ebs1ss01/Kap01/kap1.pdf}},
  Language                 = {Deutsch},
  Note                     = {zugegriffen am: 01.05.2015},
  Url                      = {ftp://www.inf.fh-dortmund.de/pub/professors/assmus/ebs1ss01/Kap01/kap1.pdf},

  Owner                    = {leo},
  Timestamp                = {2015.05.01}
}

@Book{Bar_Schodinger,
  Title                    = {Schrödinger programmiert C++},
  Author                   = {Dieter Bär},
  Editor                   = {Galileo Press},
  Publisher                = {Galileo Press, Bonn},
  Year                     = {2012},

  Owner                    = {leo},
  Timestamp                = {2015.05.02}
}

@Electronic{Baumann_Parallel_Computing,
  Title                    = {Parallel–Computing als Hilfsmittel im technisch-wissenschaftlichen Höchstleistungsrechnen},
  Author                   = {Wolfgang W. Baumann},
  HowPublished             = {in: \url{http://hodgson.pi.tu-berlin.de/Lehre/EDV2/dokus/parallel.pdf}},
  Language                 = {Deutsch},
  Note                     = {zugegriffen am: 02.05.2015},
  Url                      = {http://hodgson.pi.tu-berlin.de/Lehre/EDV2/dokus/parallel.pdf},

  Owner                    = {leo},
  Timestamp                = {2015.05.02}
}

@Electronic{Bugner_Parallele_Programmierung,
  Title                    = {Parallele Programmierung},
  Author                   = {Marcus Bugner},
  HowPublished             = {in: http://www.personal.uni-jena.de/~hi63roy/jena/parallelpdf.pdf},
  Language                 = {Deutsch},
  Note                     = {zugegriffen am: 01.05.2015},
  Url                      = {http://www.personal.uni-jena.de/~hi63roy/jena/parallelpdf.pdf},

  Owner                    = {leo},
  Timestamp                = {2015.05.01}
}

@Book{Gumm_Einfurung,
  Title                    = {Einf{\"u}hrung in die Informatik},
  Author                   = {Gumm, H.P. and Sommer, M.},
  Publisher                = {De Gruyter, Berlin},
  Year                     = {2011},

  ISBN                     = {9783486704587},
  Url                      = {https://books.google.de/books?id=AGzoBQAAQBAJ}
}

@Electronic{Han_Event_Multiplexing,
  Title                    = {Scalable Event Multiplexing: epoll vs. kqueue},
  Author                   = {Sangjin Han},
  HowPublished             = {in: \url{http://www.eecs.berkeley.edu/~sangjin/2012/12/21/epoll-vs-kqueue.html}},
  Note                     = {zugegriffen am: 01.05.2015},
  Url                      = {http://www.eecs.berkeley.edu/~sangjin/2012/12/21/epoll-vs-kqueue.html},

  Owner                    = {leo},
  Timestamp                = {2015.05.01}
}

@Electronic{Hauck_Technische_Informatik,
  Title                    = {Technische Informatik 1 - Vortragsfolien},
  Author                   = {Hauck, Franz J.},
  HowPublished             = {in: \url{https://www-vs.informatik.uni-ulm.de/teach/ss03/ti1/2003s-TI1-H-Proc-2-D.pdf}},
  Language                 = {Deutsch},
  Note                     = {zugegriffen am: 29.04.2015},
  Url                      = {https://www-vs.informatik.uni-ulm.de/teach/ss03/ti1/2003s-TI1-H-Proc-2-D.pdf},

  Owner                    = {leo},
  Timestamp                = {2015.04.29}
}

@Electronic{Manadhata_Simultanious_Multithreading,
  Title                    = {Simultaneous Multithreading - Vorlesungsfolien},
  Author                   = {Pratyusa Manadhata and Vyas Sekar},
  HowPublished             = {in: \url{http://www.cs.cmu.edu/afs/cs/academic/class/15740-f03/www/lectures/smt_slides.pdf}},
  Language                 = {Engisch},
  Note                     = {zugegriffen am: 01.05.2015},
  Url                      = {http://www.cs.cmu.edu/afs/cs/academic/class/15740-f03/www/lectures/smt_slides.pdf},

  Owner                    = {leo},
  Timestamp                = {2015.05.01}
}

@Article{Manwade_Analysis_Merge_Sort,
  Title                    = {Analysis of Parallel Merge Sort Algorithm},
  Author                   = {K. B. Manwade},
  Journal                  = {International Journal of Computer Applications},
  Year                     = {2010},
  Note                     = {in: \url{http://citeseerx.ist.psu.edu/viewdoc/download?doi=10.1.1.184.7387&rep=rep1&type=pdf}, zugegriffen am: 03.05.2015},

  Owner                    = {leo},
  Timestamp                = {2015.05.03},
  Url                      = {http://citeseerx.ist.psu.edu/viewdoc/download?doi=10.1.1.184.7387&rep=rep1&type=pdf}
}

@Electronic{Mutz_C++11,
  Title                    = {C++11 – auch ein Stimmungsbild},
  Author                   = {Marc Mutz},
  HowPublished             = {in: http://www.heise.de/developer/artikel/C-11-auch-ein-Stimmungsbild-1345406.html},
  Language                 = {Deutsch},
  Month                    = {September},
  Note                     = {zugegriffen am: 02.5.2015},
  Url                      = {http://www.heise.de/developer/artikel/C-11-auch-ein-Stimmungsbild-1345406.html},
  Year                     = {2011},

  Owner                    = {leo},
  Timestamp                = {2015.05.02}
}

@Article{Qureshi_Performance_Comparison,
  Title                    = {A Practical Performance Comparison of Parallel Sorting Algorithms on Homogeneous Network of Workstations},
  Author                   = {Kalim Qureshi},
  Journal                  = {PDPTA},
  Year                     = {2006},
  Note                     = {in: \url{http://citeseerx.ist.psu.edu/viewdoc/download;jsessionid=BFC205BDFF25BE0B51192C14A2085CA3?doi=10.1.1.91.1604\&rep=rep1\&type=pdf}, zugegriffen am: 03.05.2015},

  Owner                    = {leo},
  Timestamp                = {2015.05.03},
  Url                      = {http://citeseerx.ist.psu.edu/viewdoc/download;jsessionid=BFC205BDFF25BE0B51192C14A2085CA3?doi=10.1.1.91.1604&rep=rep1&type=pdf}
}

@Electronic{Rogina_Parallele_Algorithmen,
  Title                    = {Parallele Algorithmen},
  Author                   = {Dr. Ivica Rogina},
  HowPublished             = {in: \url{http://www.michaelbiebl.de/files/16_parallel.pdf}},
  Language                 = {Deutsch},
  Note                     = {zugegriffen am: 03.05.2015},
  Url                      = {http://www.michaelbiebl.de/files/16_parallel.pdf},
  Year                     = {2001},

  Owner                    = {leo},
  Timestamp                = {2015.05.03}
}

@Electronic{Roloff_Multicore_Architekturen,
  Title                    = {Multicore-Architekturen},
  Author                   = {Sascha Roloff},
  HowPublished             = {in: \url{www2.in.tum.de/hp/file?fid=311}},
  Language                 = {Deutsch},
  Note                     = {zugegriffen am: 01.05.2015},
  Url                      = {www2.in.tum.de/hp/file?fid=311},

  Owner                    = {leo},
  Timestamp                = {2015.05.01}
}

@Electronic{Rouse_race_condition,
  Title                    = {race condition},
  Author                   = {Rouse, Margaret},
  HowPublished             = {in: \url{http://searchstorage.techtarget.com/definition/race-condition}},
  Language                 = {Englisch},
  Note                     = {zugegriffen am: 29.04.2015},
  Url                      = {http://searchstorage.techtarget.com/definition/race-condition},

  Owner                    = {leo},
  Timestamp                = {2015.04.29}
}

@Electronic{Schallehn_Grundlagen_der_Informatik,
  Title                    = {Grundlagen der Informatik für Ingenieure - Vorlesungsfolien},
  Author                   = {Eike Schallehn},
  HowPublished             = {in: \url{http://wwwiti.cs.uni-magdeburg.de/iti_db/lehre/gif/gif_25.pdf}},
  Language                 = {Deutsch},
  Note                     = {zugegriffen am: 03.05.2015},
  Url                      = {http://wwwiti.cs.uni-magdeburg.de/iti_db/lehre/gif/gif_25.pdf},
  Year                     = {2009},

  Owner                    = {leo},
  Timestamp                = {2015.05.03}
}

@Electronic{Schmidt_Schauss_Parallele_Verarbeitung,
  Title                    = {Parallele Verarbeitung},
  Author                   = {Prof. Dr. Manfred Schmidt-Schauß},
  HowPublished             = {in: \url{http://www-stud.informatik.uni-frankfurt.de/~prg2/SS2006/folien/kap7-par-fol.pdf}},
  Language                 = {Deutsch},
  Month                    = {Mai},
  Note                     = {zugegriffen am: 03.05.2015},
  Url                      = {http://www-stud.informatik.uni-frankfurt.de/~prg2/SS2006/folien/kap7-par-fol.pdf},
  Year                     = {2006},

  Owner                    = {leo},
  Timestamp                = {2015.05.03}
}

@Electronic{Wayne_Merge_Sort,
  Title                    = {Mergesort},
  Author                   = {Robert Sedgewick and Kevin Wayne},
  HowPublished             = {in: \url{http://algs4.cs.princeton.edu/22mergesort/}},
  Language                 = {Englisch},
  Month                    = {Mai},
  Note                     = {zugegriffen am: 03.05.2015},
  Url                      = {http://algs4.cs.princeton.edu/22mergesort/},
  Year                     = {2014},

  Owner                    = {leo},
  Timestamp                = {2015.05.03}
}

@Electronic{Stiller_Intels_Xeon,
  Title                    = {Intels Xeon E5: 18 CPU-Kerne und AVX2 für Server},
  Author                   = {Andreas Stiller},
  HowPublished             = {in: \url{http://www.heise.de/newsticker/meldung/Intels-Xeon-E5-18-CPU-Kerne-und-AVX2-fuer-Server-2357378.html}},
  Note                     = {zugegriffen am: 01.05.2015},
  Url                      = {http://www.heise.de/newsticker/meldung/Intels-Xeon-E5-18-CPU-Kerne-und-AVX2-fuer-Server-2357378.html},

  Owner                    = {leo},
  Timestamp                = {2015.05.01}
}

@Electronic{Strey_Konzepte_von_Betriebssystemen,
  Title                    = {Konzepte von Betriebssystemen},
  Author                   = {Strey, A.},
  HowPublished             = {in: \url{http://www.informatik.uni-ulm.de/ni/Lehre/SS01/TI/folien/osA2.pdf}},
  Language                 = {Deutsch},
  Note                     = {zugegriffen am: 29.04.2015},
  Url                      = {http://www.informatik.uni-ulm.de/ni/Lehre/SS01/TI/folien/osA2.pdf},

  Owner                    = {leo},
  Timestamp                = {2015.04.29}
}

@Electronic{Szwillus_Deadlocks,
  Title                    = {Deadlocks (Verklemmungen)},
  Author                   = {Szwillus, Gerd},
  HowPublished             = {in: \url{http://www.cs.uni-paderborn.de/fileadmin/Informatik/FG-Szwillus/Lehre/Alte_Veranstaltungen/GP2/GP2-2b.pdf}},
  Language                 = {Deutsch},
  Note                     = {zugegriffen am: 29.04.2015},
  Url                      = {http://www.cs.uni-paderborn.de/fileadmin/Informatik/FG-Szwillus/Lehre/Alte_Veranstaltungen/GP2/GP2-2b.pdf},

  Owner                    = {leo},
  Timestamp                = {2015.04.29}
}

@Electronic{Tichy_Parallele_Algorithmen,
  Title                    = {Parallele Algorithmen und Architekturen},
  Author                   = {Walter F. Tichy and Thomas M. Warschko},
  HowPublished             = {in: www.ipd.uka.de/ParaStation/papers/skript.ps},
  Language                 = {Deutsch},
  Month                    = {September},
  Note                     = {zugegriffen am: 02.05.2015},
  Url                      = {www.ipd.uka.de/ParaStation/papers/skript.ps},
  Year                     = {1999},

  Owner                    = {leo},
  Timestamp                = {2015.05.02}
}

@Electronic{Tridgell_Threads_vs_Processes,
  Title                    = {Threads vs Processes},
  Author                   = {Tridgell, Andrew},
  HowPublished             = {in: \url{https://www.samba.org/~tridge/talks/threads.pdf}},
  Language                 = {Englisch},
  Note                     = {zugegriffen am: 29.04.2015},
  Url                      = {https://www.samba.org/~tridge/talks/threads.pdf},

  Owner                    = {leo},
  Timestamp                = {2015.04.29}
}

@PhdThesis{Tullsen_Simultaneous_Multithreading,
  Title                    = {Simultaneous Multithreading},
  Author                   = {Dean Michael Tullsen},
  School                   = {University of Washington},
  Year                     = {1996},

  Address                  = {in: \url{http://cseweb.ucsd.edu/~tullsen/thesis.pdf}},
  Note                     = {zugegriffen am: 01.05.2015},

  Owner                    = {leo},
  Timestamp                = {2015.05.01},
  Url                      = {http://cseweb.ucsd.edu/~tullsen/thesis.pdf}
}

@Electronic{ITWissen_Multiplexverfahren,
  Title                    = {Multiplexverfahren (multiplexing)},
  Author                   = {(ITWissen Onlinelexikon) Unbekannt},
  HowPublished             = {in: \url{http://www.itwissen.info/definition/lexikon/Multiplexverfahren-multiplexing.html}},
  Language                 = {Deutsch},
  Note                     = {zugegriffen am: 1.05.2015},
  Url                      = {http://www.itwissen.info/definition/lexikon/Multiplexverfahren-multiplexing.html},

  Owner                    = {leo},
  Timestamp                = {2015.05.01}
}

@Electronic{Voroshilin_Hidden_Constants,
  Title                    = {Asymptotic Complexity: Beware of Hidden Constants},
  Author                   = {Ivan Voroshilin},
  HowPublished             = {in: \url{http://ivoroshilin.com/2013/01/11/when-asymptotic-analysis-of-complexity-doesnt-work/}},
  Language                 = {Englisch},
  Month                    = {Jannuar},
  Note                     = {zugegriffen am: 03.05.2015},
  Url                      = {http://ivoroshilin.com/2013/01/11/when-asymptotic-analysis-of-complexity-doesnt-work/},
  Year                     = {2013},

  Owner                    = {leo},
  Timestamp                = {2015.05.03}
}

@Electronic{Zeindl_Parallel_Programming,
  Title                    = {Summary Prarallel Programming},
  Author                   = {Werner Zeindl-Nagele},
  HowPublished             = {in: http://www.fernuni-hagen.de/FACHSCHINF/1727/Zusammenfassung.pdf},
  Language                 = {Deutsch},
  Note                     = {zugegriffen am: 01.05.2015},
  Url                      = {http://www.fernuni-hagen.de/FACHSCHINF/1727/Zusammenfassung.pdf},

  Owner                    = {leo},
  Timestamp                = {2015.05.01}
}

@Manual{BSD_Manual_Kqueue,
  Title                    = {FreeBSD System Calls Manual - KQUEUE(2)},

  Address                  = {in: \url{https://www.freebsd.org/cgi/man.cgi?query=kqueue&sektion=2}},
  Note                     = {zugegriffen am: 01.05.2015},

  Owner                    = {leo},
  Timestamp                = {2015.05.01},
  Url                      = {https://www.freebsd.org/cgi/man.cgi?query=kqueue&sektion=2}
}

@Manual{c++_thread,
  Title                    = {C++ Reference - Thread},

  Address                  = {in \url{http://www.cplusplus.com/reference/thread/thread/}},
  Note                     = {zugegriffen am: 02.05.2015},

  Owner                    = {leo},
  Timestamp                = {2015.05.02},
  Url                      = {http://www.cplusplus.com/reference/thread/thread/}
}

@Manual{Linux_Manual_Epoll,
  Title                    = {Linux Programmer's Manual - EPOLL(7)},

  Address                  = {in: \url{http://man7.org/linux/man-pages/man7/epoll.7.html}},
  Note                     = {zugegriffen am: 01.05.2015},

  Owner                    = {leo},
  Timestamp                = {2015.05.01},
  Url                      = {http://man7.org/linux/man-pages/man7/epoll.7.html}
}

@Electronic{lehrplan_informatik,
  Title                    = {Lehrplan Gymnasium Informatik Sachsen},
  HowPublished             = {in: \url{http://www.schule.sachsen.de/lpdb/web/downloads/lp_gy_informatik_2011.pdf?v2}},
  Language                 = {Deutsch},
  Url                      = {http://www.schule.sachsen.de/lpdb/web/downloads/lp_gy_informatik_2011.pdf?v2},
  Year                     = {2011},

  Owner                    = {leo},
  Timestamp                = {2015.05.04}
}

